<?xml version="1.0" encoding="UTF-8"?><record xmlns="http://www.loc.gov/MARC21/slim" xmlns:cinclude="http://apache.org/cocoon/include/1.0" xmlns:zs="http://www.loc.gov/zing/srw/">
  <leader>00371nz  a2200121n  4500</leader>
  <controlfield tag="001">nr 89017326 </controlfield>
  <controlfield tag="003">DLC</controlfield>
  <controlfield tag="005">19891209072436.6</controlfield>
  <controlfield tag="008">891207n| acannaab|          |n aaa     c</controlfield>
  <datafield tag="010" ind1=" " ind2=" ">
    <subfield code="a">nr 89017326 </subfield>
  </datafield>
  <datafield tag="040" ind1=" " ind2=" ">
    <subfield code="a">NjP</subfield>
    <subfield code="c">NjP</subfield>
  </datafield>
  <datafield tag="100" ind1="1" ind2="0">
    <subfield code="a">Berger, A.</subfield>
  </datafield>
  <datafield tag="670" ind1=" " ind2=" ">
    <subfield code="a">On the generation of new orientations ... 1988:</subfield>
    <subfield code="b">t.p. (A. Berger, Institut für Metallphysik der Universität Göttingen)</subfield>
  </datafield>
</record>